%YAML 1.1
%TAG !u! tag:unity3d.com,2011:
--- !u!1 &1775850526448641971
GameObject:
  m_ObjectHideFlags: 0
  m_CorrespondingSourceObject: {fileID: 0}
  m_PrefabInstance: {fileID: 0}
  m_PrefabAsset: {fileID: 0}
  serializedVersion: 6
  m_Component:
  - component: {fileID: 1775850526448641964}
  m_Layer: 0
  m_Name: Stage 4
  m_TagString: Untagged
  m_Icon: {fileID: 0}
  m_NavMeshLayer: 0
  m_StaticEditorFlags: 0
  m_IsActive: 1
--- !u!4 &1775850526448641964
Transform:
  m_ObjectHideFlags: 0
  m_CorrespondingSourceObject: {fileID: 0}
  m_PrefabInstance: {fileID: 0}
  m_PrefabAsset: {fileID: 0}
  m_GameObject: {fileID: 1775850526448641971}
  m_LocalRotation: {x: -0, y: -0, z: -0, w: 1}
  m_LocalPosition: {x: 0, y: 1.91, z: 9.99}
  m_LocalScale: {x: 1, y: 1, z: 1}
  m_Children:
  - {fileID: 1775850527585449861}
  - {fileID: 1775850527822519149}
  - {fileID: 378616265536454781}
  - {fileID: 378616265444385481}
  - {fileID: 378616264251026344}
  - {fileID: 378616265643786251}
  - {fileID: 378616265113854143}
  - {fileID: 378616264838766885}
  - {fileID: 378616264679819200}
  - {fileID: 7354652676874054129}
  - {fileID: 378616264611041328}
  - {fileID: 378616265770817648}
  - {fileID: 378616264654814070}
  - {fileID: 378616265446459788}
  - {fileID: 378616264254229342}
  - {fileID: 378616265622078072}
  - {fileID: 378616264561557424}
  - {fileID: 378616266256980989}
  - {fileID: 378616266314812024}
  - {fileID: 378616265886669941}
  - {fileID: 378616265086624764}
  m_Father: {fileID: 0}
  m_RootOrder: 0
  m_LocalEulerAnglesHint: {x: 0, y: 0, z: 0}
--- !u!1 &1775850527585449865
GameObject:
  m_ObjectHideFlags: 0
  m_CorrespondingSourceObject: {fileID: 0}
  m_PrefabInstance: {fileID: 0}
  m_PrefabAsset: {fileID: 0}
  serializedVersion: 6
  m_Component:
  - component: {fileID: 1775850527585449861}
  - component: {fileID: 1775850527585449860}
  - component: {fileID: 1775850527585449867}
  - component: {fileID: 1775850527585449866}
  m_Layer: 0
  m_Name: Plane
  m_TagString: Untagged
  m_Icon: {fileID: 0}
  m_NavMeshLayer: 0
  m_StaticEditorFlags: 0
  m_IsActive: 1
--- !u!4 &1775850527585449861
Transform:
  m_ObjectHideFlags: 0
  m_CorrespondingSourceObject: {fileID: 0}
  m_PrefabInstance: {fileID: 0}
  m_PrefabAsset: {fileID: 0}
  m_GameObject: {fileID: 1775850527585449865}
  m_LocalRotation: {x: -0, y: -0, z: -0, w: 1}
  m_LocalPosition: {x: 0, y: 0, z: 0.503}
  m_LocalScale: {x: 5, y: 0.2, z: 3.006}
  m_Children: []
  m_Father: {fileID: 1775850526448641964}
  m_RootOrder: 0
  m_LocalEulerAnglesHint: {x: 0, y: 0, z: 0}
--- !u!33 &1775850527585449860
MeshFilter:
  m_ObjectHideFlags: 0
  m_CorrespondingSourceObject: {fileID: 0}
  m_PrefabInstance: {fileID: 0}
  m_PrefabAsset: {fileID: 0}
  m_GameObject: {fileID: 1775850527585449865}
  m_Mesh: {fileID: 10202, guid: 0000000000000000e000000000000000, type: 0}
--- !u!23 &1775850527585449867
MeshRenderer:
  m_ObjectHideFlags: 0
  m_CorrespondingSourceObject: {fileID: 0}
  m_PrefabInstance: {fileID: 0}
  m_PrefabAsset: {fileID: 0}
  m_GameObject: {fileID: 1775850527585449865}
  m_Enabled: 1
  m_CastShadows: 1
  m_ReceiveShadows: 1
  m_DynamicOccludee: 1
  m_MotionVectors: 1
  m_LightProbeUsage: 1
  m_ReflectionProbeUsage: 1
  m_RayTracingMode: 2
  m_RenderingLayerMask: 1
  m_RendererPriority: 0
  m_Materials:
  - {fileID: 2100000, guid: a186c9e637e5416459f55856d90ef0b4, type: 2}
  m_StaticBatchInfo:
    firstSubMesh: 0
    subMeshCount: 0
  m_StaticBatchRoot: {fileID: 0}
  m_ProbeAnchor: {fileID: 0}
  m_LightProbeVolumeOverride: {fileID: 0}
  m_ScaleInLightmap: 1
  m_ReceiveGI: 1
  m_PreserveUVs: 0
  m_IgnoreNormalsForChartDetection: 0
  m_ImportantGI: 0
  m_StitchLightmapSeams: 1
  m_SelectedEditorRenderState: 3
  m_MinimumChartSize: 4
  m_AutoUVMaxDistance: 0.5
  m_AutoUVMaxAngle: 89
  m_LightmapParameters: {fileID: 0}
  m_SortingLayerID: 0
  m_SortingLayer: 0
  m_SortingOrder: 0
--- !u!65 &1775850527585449866
BoxCollider:
  m_ObjectHideFlags: 0
  m_CorrespondingSourceObject: {fileID: 0}
  m_PrefabInstance: {fileID: 0}
  m_PrefabAsset: {fileID: 0}
  m_GameObject: {fileID: 1775850527585449865}
  m_Material: {fileID: 0}
  m_IsTrigger: 0
  m_Enabled: 1
  serializedVersion: 2
  m_Size: {x: 1, y: 1, z: 1}
  m_Center: {x: 0, y: 0, z: 0}
--- !u!1001 &378616266226225541
PrefabInstance:
  m_ObjectHideFlags: 0
  serializedVersion: 2
  m_Modification:
    m_TransformParent: {fileID: 1775850526448641964}
    m_Modifications:
    - target: {fileID: 2153859551035935464, guid: 4c16ac0b43dee0240a1f8f3133da1e3a,
        type: 3}
      propertyPath: m_LocalPosition.x
      value: -1.84
      objectReference: {fileID: 0}
    - target: {fileID: 2153859551035935464, guid: 4c16ac0b43dee0240a1f8f3133da1e3a,
        type: 3}
      propertyPath: m_LocalPosition.y
      value: 0.59000015
      objectReference: {fileID: 0}
    - target: {fileID: 2153859551035935464, guid: 4c16ac0b43dee0240a1f8f3133da1e3a,
        type: 3}
      propertyPath: m_LocalPosition.z
      value: 0
      objectReference: {fileID: 0}
    - target: {fileID: 2153859551035935464, guid: 4c16ac0b43dee0240a1f8f3133da1e3a,
        type: 3}
      propertyPath: m_LocalRotation.x
      value: -0
      objectReference: {fileID: 0}
    - target: {fileID: 2153859551035935464, guid: 4c16ac0b43dee0240a1f8f3133da1e3a,
        type: 3}
      propertyPath: m_LocalRotation.y
      value: -0
      objectReference: {fileID: 0}
    - target: {fileID: 2153859551035935464, guid: 4c16ac0b43dee0240a1f8f3133da1e3a,
        type: 3}
      propertyPath: m_LocalRotation.z
      value: -0
      objectReference: {fileID: 0}
    - target: {fileID: 2153859551035935464, guid: 4c16ac0b43dee0240a1f8f3133da1e3a,
        type: 3}
      propertyPath: m_LocalRotation.w
      value: 1
      objectReference: {fileID: 0}
    - target: {fileID: 2153859551035935464, guid: 4c16ac0b43dee0240a1f8f3133da1e3a,
        type: 3}
      propertyPath: m_RootOrder
      value: 1
      objectReference: {fileID: 0}
    - target: {fileID: 2153859551035935464, guid: 4c16ac0b43dee0240a1f8f3133da1e3a,
        type: 3}
      propertyPath: m_LocalEulerAnglesHint.x
      value: 0
      objectReference: {fileID: 0}
    - target: {fileID: 2153859551035935464, guid: 4c16ac0b43dee0240a1f8f3133da1e3a,
        type: 3}
      propertyPath: m_LocalEulerAnglesHint.y
      value: 0
      objectReference: {fileID: 0}
    - target: {fileID: 2153859551035935464, guid: 4c16ac0b43dee0240a1f8f3133da1e3a,
        type: 3}
      propertyPath: m_LocalEulerAnglesHint.z
      value: 0
      objectReference: {fileID: 0}
    - target: {fileID: 2153859551035935476, guid: 4c16ac0b43dee0240a1f8f3133da1e3a,
        type: 3}
      propertyPath: m_Name
      value: Cube
      objectReference: {fileID: 0}
    m_RemovedComponents: []
  m_SourcePrefab: {fileID: 100100000, guid: 4c16ac0b43dee0240a1f8f3133da1e3a, type: 3}
--- !u!4 &1775850527822519149 stripped
Transform:
  m_CorrespondingSourceObject: {fileID: 2153859551035935464, guid: 4c16ac0b43dee0240a1f8f3133da1e3a,
    type: 3}
  m_PrefabInstance: {fileID: 378616266226225541}
  m_PrefabAsset: {fileID: 0}
--- !u!1001 &1775850526026059048
PrefabInstance:
  m_ObjectHideFlags: 0
  serializedVersion: 2
  m_Modification:
    m_TransformParent: {fileID: 1775850526448641964}
    m_Modifications:
    - target: {fileID: 2153859551035935464, guid: 4c16ac0b43dee0240a1f8f3133da1e3a,
        type: 3}
      propertyPath: m_LocalPosition.x
      value: -0.613
      objectReference: {fileID: 0}
    - target: {fileID: 2153859551035935464, guid: 4c16ac0b43dee0240a1f8f3133da1e3a,
        type: 3}
      propertyPath: m_LocalPosition.y
      value: 2.581
      objectReference: {fileID: 0}
    - target: {fileID: 2153859551035935464, guid: 4c16ac0b43dee0240a1f8f3133da1e3a,
        type: 3}
      propertyPath: m_LocalPosition.z
      value: 0
      objectReference: {fileID: 0}
    - target: {fileID: 2153859551035935464, guid: 4c16ac0b43dee0240a1f8f3133da1e3a,
        type: 3}
      propertyPath: m_LocalRotation.x
      value: -0
      objectReference: {fileID: 0}
    - target: {fileID: 2153859551035935464, guid: 4c16ac0b43dee0240a1f8f3133da1e3a,
        type: 3}
      propertyPath: m_LocalRotation.y
      value: -0
      objectReference: {fileID: 0}
    - target: {fileID: 2153859551035935464, guid: 4c16ac0b43dee0240a1f8f3133da1e3a,
        type: 3}
      propertyPath: m_LocalRotation.z
      value: -0
      objectReference: {fileID: 0}
    - target: {fileID: 2153859551035935464, guid: 4c16ac0b43dee0240a1f8f3133da1e3a,
        type: 3}
      propertyPath: m_LocalRotation.w
      value: 1
      objectReference: {fileID: 0}
    - target: {fileID: 2153859551035935464, guid: 4c16ac0b43dee0240a1f8f3133da1e3a,
        type: 3}
      propertyPath: m_RootOrder
      value: 8
      objectReference: {fileID: 0}
    - target: {fileID: 2153859551035935464, guid: 4c16ac0b43dee0240a1f8f3133da1e3a,
        type: 3}
      propertyPath: m_LocalEulerAnglesHint.x
      value: 0
      objectReference: {fileID: 0}
    - target: {fileID: 2153859551035935464, guid: 4c16ac0b43dee0240a1f8f3133da1e3a,
        type: 3}
      propertyPath: m_LocalEulerAnglesHint.y
      value: 0
      objectReference: {fileID: 0}
    - target: {fileID: 2153859551035935464, guid: 4c16ac0b43dee0240a1f8f3133da1e3a,
        type: 3}
      propertyPath: m_LocalEulerAnglesHint.z
      value: 0
      objectReference: {fileID: 0}
    - target: {fileID: 2153859551035935476, guid: 4c16ac0b43dee0240a1f8f3133da1e3a,
        type: 3}
      propertyPath: m_Name
      value: Cube (14)
      objectReference: {fileID: 0}
    m_RemovedComponents: []
  m_SourcePrefab: {fileID: 100100000, guid: 4c16ac0b43dee0240a1f8f3133da1e3a, type: 3}
--- !u!4 &378616264679819200 stripped
Transform:
  m_CorrespondingSourceObject: {fileID: 2153859551035935464, guid: 4c16ac0b43dee0240a1f8f3133da1e3a,
    type: 3}
  m_PrefabInstance: {fileID: 1775850526026059048}
  m_PrefabAsset: {fileID: 0}
--- !u!1001 &1775850526051348894
PrefabInstance:
  m_ObjectHideFlags: 0
  serializedVersion: 2
  m_Modification:
    m_TransformParent: {fileID: 1775850526448641964}
    m_Modifications:
    - target: {fileID: 2153859551035935464, guid: 4c16ac0b43dee0240a1f8f3133da1e3a,
        type: 3}
      propertyPath: m_LocalPosition.x
      value: -0.45799994
      objectReference: {fileID: 0}
    - target: {fileID: 2153859551035935464, guid: 4c16ac0b43dee0240a1f8f3133da1e3a,
        type: 3}
      propertyPath: m_LocalPosition.y
      value: 0.59000015
      objectReference: {fileID: 0}
    - target: {fileID: 2153859551035935464, guid: 4c16ac0b43dee0240a1f8f3133da1e3a,
        type: 3}
      propertyPath: m_LocalPosition.z
      value: 1.1099997
      objectReference: {fileID: 0}
    - target: {fileID: 2153859551035935464, guid: 4c16ac0b43dee0240a1f8f3133da1e3a,
        type: 3}
      propertyPath: m_LocalRotation.x
      value: -0
      objectReference: {fileID: 0}
    - target: {fileID: 2153859551035935464, guid: 4c16ac0b43dee0240a1f8f3133da1e3a,
        type: 3}
      propertyPath: m_LocalRotation.y
      value: -0
      objectReference: {fileID: 0}
    - target: {fileID: 2153859551035935464, guid: 4c16ac0b43dee0240a1f8f3133da1e3a,
        type: 3}
      propertyPath: m_LocalRotation.z
      value: -0
      objectReference: {fileID: 0}
    - target: {fileID: 2153859551035935464, guid: 4c16ac0b43dee0240a1f8f3133da1e3a,
        type: 3}
      propertyPath: m_LocalRotation.w
      value: 1
      objectReference: {fileID: 0}
    - target: {fileID: 2153859551035935464, guid: 4c16ac0b43dee0240a1f8f3133da1e3a,
        type: 3}
      propertyPath: m_RootOrder
      value: 12
      objectReference: {fileID: 0}
    - target: {fileID: 2153859551035935464, guid: 4c16ac0b43dee0240a1f8f3133da1e3a,
        type: 3}
      propertyPath: m_LocalEulerAnglesHint.x
      value: 0
      objectReference: {fileID: 0}
    - target: {fileID: 2153859551035935464, guid: 4c16ac0b43dee0240a1f8f3133da1e3a,
        type: 3}
      propertyPath: m_LocalEulerAnglesHint.y
      value: 0
      objectReference: {fileID: 0}
    - target: {fileID: 2153859551035935464, guid: 4c16ac0b43dee0240a1f8f3133da1e3a,
        type: 3}
      propertyPath: m_LocalEulerAnglesHint.z
      value: 0
      objectReference: {fileID: 0}
    - target: {fileID: 2153859551035935476, guid: 4c16ac0b43dee0240a1f8f3133da1e3a,
        type: 3}
      propertyPath: m_Name
      value: Cube (4)
      objectReference: {fileID: 0}
    m_RemovedComponents: []
  m_SourcePrefab: {fileID: 100100000, guid: 4c16ac0b43dee0240a1f8f3133da1e3a, type: 3}
--- !u!4 &378616264654814070 stripped
Transform:
  m_CorrespondingSourceObject: {fileID: 2153859551035935464, guid: 4c16ac0b43dee0240a1f8f3133da1e3a,
    type: 3}
  m_PrefabInstance: {fileID: 1775850526051348894}
  m_PrefabAsset: {fileID: 0}
--- !u!1001 &1775850526143165784
PrefabInstance:
  m_ObjectHideFlags: 0
  serializedVersion: 2
  m_Modification:
    m_TransformParent: {fileID: 1775850526448641964}
    m_Modifications:
    - target: {fileID: 2153859551035935464, guid: 4c16ac0b43dee0240a1f8f3133da1e3a,
        type: 3}
      propertyPath: m_LocalPosition.x
      value: -1.088
      objectReference: {fileID: 0}
    - target: {fileID: 2153859551035935464, guid: 4c16ac0b43dee0240a1f8f3133da1e3a,
        type: 3}
      propertyPath: m_LocalPosition.y
      value: 1.5869999
      objectReference: {fileID: 0}
    - target: {fileID: 2153859551035935464, guid: 4c16ac0b43dee0240a1f8f3133da1e3a,
        type: 3}
      propertyPath: m_LocalPosition.z
      value: 1.1099997
      objectReference: {fileID: 0}
    - target: {fileID: 2153859551035935464, guid: 4c16ac0b43dee0240a1f8f3133da1e3a,
        type: 3}
      propertyPath: m_LocalRotation.x
      value: -0
      objectReference: {fileID: 0}
    - target: {fileID: 2153859551035935464, guid: 4c16ac0b43dee0240a1f8f3133da1e3a,
        type: 3}
      propertyPath: m_LocalRotation.y
      value: -0
      objectReference: {fileID: 0}
    - target: {fileID: 2153859551035935464, guid: 4c16ac0b43dee0240a1f8f3133da1e3a,
        type: 3}
      propertyPath: m_LocalRotation.z
      value: -0
      objectReference: {fileID: 0}
    - target: {fileID: 2153859551035935464, guid: 4c16ac0b43dee0240a1f8f3133da1e3a,
        type: 3}
      propertyPath: m_LocalRotation.w
      value: 1
      objectReference: {fileID: 0}
    - target: {fileID: 2153859551035935464, guid: 4c16ac0b43dee0240a1f8f3133da1e3a,
        type: 3}
      propertyPath: m_RootOrder
      value: 16
      objectReference: {fileID: 0}
    - target: {fileID: 2153859551035935464, guid: 4c16ac0b43dee0240a1f8f3133da1e3a,
        type: 3}
      propertyPath: m_LocalEulerAnglesHint.x
      value: 0
      objectReference: {fileID: 0}
    - target: {fileID: 2153859551035935464, guid: 4c16ac0b43dee0240a1f8f3133da1e3a,
        type: 3}
      propertyPath: m_LocalEulerAnglesHint.y
      value: 0
      objectReference: {fileID: 0}
    - target: {fileID: 2153859551035935464, guid: 4c16ac0b43dee0240a1f8f3133da1e3a,
        type: 3}
      propertyPath: m_LocalEulerAnglesHint.z
      value: 0
      objectReference: {fileID: 0}
    - target: {fileID: 2153859551035935476, guid: 4c16ac0b43dee0240a1f8f3133da1e3a,
        type: 3}
      propertyPath: m_Name
      value: Cube (18)
      objectReference: {fileID: 0}
    m_RemovedComponents: []
  m_SourcePrefab: {fileID: 100100000, guid: 4c16ac0b43dee0240a1f8f3133da1e3a, type: 3}
--- !u!4 &378616264561557424 stripped
Transform:
  m_CorrespondingSourceObject: {fileID: 2153859551035935464, guid: 4c16ac0b43dee0240a1f8f3133da1e3a,
    type: 3}
  m_PrefabInstance: {fileID: 1775850526143165784}
  m_PrefabAsset: {fileID: 0}
--- !u!1001 &1775850526224145112
PrefabInstance:
  m_ObjectHideFlags: 0
  serializedVersion: 2
  m_Modification:
    m_TransformParent: {fileID: 1775850526448641964}
    m_Modifications:
    - target: {fileID: 2153859551035935464, guid: 4c16ac0b43dee0240a1f8f3133da1e3a,
        type: 3}
      propertyPath: m_LocalPosition.x
      value: 0.023
      objectReference: {fileID: 0}
    - target: {fileID: 2153859551035935464, guid: 4c16ac0b43dee0240a1f8f3133da1e3a,
        type: 3}
      propertyPath: m_LocalPosition.y
      value: 3.558
      objectReference: {fileID: 0}
    - target: {fileID: 2153859551035935464, guid: 4c16ac0b43dee0240a1f8f3133da1e3a,
        type: 3}
      propertyPath: m_LocalPosition.z
      value: 0
      objectReference: {fileID: 0}
    - target: {fileID: 2153859551035935464, guid: 4c16ac0b43dee0240a1f8f3133da1e3a,
        type: 3}
      propertyPath: m_LocalRotation.x
      value: -0
      objectReference: {fileID: 0}
    - target: {fileID: 2153859551035935464, guid: 4c16ac0b43dee0240a1f8f3133da1e3a,
        type: 3}
      propertyPath: m_LocalRotation.y
      value: -0
      objectReference: {fileID: 0}
    - target: {fileID: 2153859551035935464, guid: 4c16ac0b43dee0240a1f8f3133da1e3a,
        type: 3}
      propertyPath: m_LocalRotation.z
      value: -0
      objectReference: {fileID: 0}
    - target: {fileID: 2153859551035935464, guid: 4c16ac0b43dee0240a1f8f3133da1e3a,
        type: 3}
      propertyPath: m_LocalRotation.w
      value: 1
      objectReference: {fileID: 0}
    - target: {fileID: 2153859551035935464, guid: 4c16ac0b43dee0240a1f8f3133da1e3a,
        type: 3}
      propertyPath: m_RootOrder
      value: 10
      objectReference: {fileID: 0}
    - target: {fileID: 2153859551035935464, guid: 4c16ac0b43dee0240a1f8f3133da1e3a,
        type: 3}
      propertyPath: m_LocalEulerAnglesHint.x
      value: 0
      objectReference: {fileID: 0}
    - target: {fileID: 2153859551035935464, guid: 4c16ac0b43dee0240a1f8f3133da1e3a,
        type: 3}
      propertyPath: m_LocalEulerAnglesHint.y
      value: 0
      objectReference: {fileID: 0}
    - target: {fileID: 2153859551035935464, guid: 4c16ac0b43dee0240a1f8f3133da1e3a,
        type: 3}
      propertyPath: m_LocalEulerAnglesHint.z
      value: 0
      objectReference: {fileID: 0}
    - target: {fileID: 2153859551035935476, guid: 4c16ac0b43dee0240a1f8f3133da1e3a,
        type: 3}
      propertyPath: m_Name
      value: Cube (15)
      objectReference: {fileID: 0}
    m_RemovedComponents: []
  m_SourcePrefab: {fileID: 100100000, guid: 4c16ac0b43dee0240a1f8f3133da1e3a, type: 3}
--- !u!4 &378616264611041328 stripped
Transform:
  m_CorrespondingSourceObject: {fileID: 2153859551035935464, guid: 4c16ac0b43dee0240a1f8f3133da1e3a,
    type: 3}
  m_PrefabInstance: {fileID: 1775850526224145112}
  m_PrefabAsset: {fileID: 0}
--- !u!1001 &1775850526439326134
PrefabInstance:
  m_ObjectHideFlags: 0
  serializedVersion: 2
  m_Modification:
    m_TransformParent: {fileID: 1775850526448641964}
    m_Modifications:
    - target: {fileID: 2153859551035935464, guid: 4c16ac0b43dee0240a1f8f3133da1e3a,
        type: 3}
      propertyPath: m_LocalPosition.x
      value: 1.5050001
      objectReference: {fileID: 0}
    - target: {fileID: 2153859551035935464, guid: 4c16ac0b43dee0240a1f8f3133da1e3a,
        type: 3}
      propertyPath: m_LocalPosition.y
      value: 1.5869999
      objectReference: {fileID: 0}
    - target: {fileID: 2153859551035935464, guid: 4c16ac0b43dee0240a1f8f3133da1e3a,
        type: 3}
      propertyPath: m_LocalPosition.z
      value: 1.1099997
      objectReference: {fileID: 0}
    - target: {fileID: 2153859551035935464, guid: 4c16ac0b43dee0240a1f8f3133da1e3a,
        type: 3}
      propertyPath: m_LocalRotation.x
      value: -0
      objectReference: {fileID: 0}
    - target: {fileID: 2153859551035935464, guid: 4c16ac0b43dee0240a1f8f3133da1e3a,
        type: 3}
      propertyPath: m_LocalRotation.y
      value: -0
      objectReference: {fileID: 0}
    - target: {fileID: 2153859551035935464, guid: 4c16ac0b43dee0240a1f8f3133da1e3a,
        type: 3}
      propertyPath: m_LocalRotation.z
      value: -0
      objectReference: {fileID: 0}
    - target: {fileID: 2153859551035935464, guid: 4c16ac0b43dee0240a1f8f3133da1e3a,
        type: 3}
      propertyPath: m_LocalRotation.w
      value: 1
      objectReference: {fileID: 0}
    - target: {fileID: 2153859551035935464, guid: 4c16ac0b43dee0240a1f8f3133da1e3a,
        type: 3}
      propertyPath: m_RootOrder
      value: 14
      objectReference: {fileID: 0}
    - target: {fileID: 2153859551035935464, guid: 4c16ac0b43dee0240a1f8f3133da1e3a,
        type: 3}
      propertyPath: m_LocalEulerAnglesHint.x
      value: 0
      objectReference: {fileID: 0}
    - target: {fileID: 2153859551035935464, guid: 4c16ac0b43dee0240a1f8f3133da1e3a,
        type: 3}
      propertyPath: m_LocalEulerAnglesHint.y
      value: 0
      objectReference: {fileID: 0}
    - target: {fileID: 2153859551035935464, guid: 4c16ac0b43dee0240a1f8f3133da1e3a,
        type: 3}
      propertyPath: m_LocalEulerAnglesHint.z
      value: 0
      objectReference: {fileID: 0}
    - target: {fileID: 2153859551035935476, guid: 4c16ac0b43dee0240a1f8f3133da1e3a,
        type: 3}
      propertyPath: m_Name
      value: Cube (16)
      objectReference: {fileID: 0}
    m_RemovedComponents: []
  m_SourcePrefab: {fileID: 100100000, guid: 4c16ac0b43dee0240a1f8f3133da1e3a, type: 3}
--- !u!4 &378616264254229342 stripped
Transform:
  m_CorrespondingSourceObject: {fileID: 2153859551035935464, guid: 4c16ac0b43dee0240a1f8f3133da1e3a,
    type: 3}
  m_PrefabInstance: {fileID: 1775850526439326134}
  m_PrefabAsset: {fileID: 0}
--- !u!1001 &1775850526450803008
PrefabInstance:
  m_ObjectHideFlags: 0
  serializedVersion: 2
  m_Modification:
    m_TransformParent: {fileID: 1775850526448641964}
    m_Modifications:
    - target: {fileID: 2153859551035935464, guid: 4c16ac0b43dee0240a1f8f3133da1e3a,
        type: 3}
      propertyPath: m_LocalPosition.x
      value: 1.373
      objectReference: {fileID: 0}
    - target: {fileID: 2153859551035935464, guid: 4c16ac0b43dee0240a1f8f3133da1e3a,
        type: 3}
      propertyPath: m_LocalPosition.y
      value: 1.5869999
      objectReference: {fileID: 0}
    - target: {fileID: 2153859551035935464, guid: 4c16ac0b43dee0240a1f8f3133da1e3a,
        type: 3}
      propertyPath: m_LocalPosition.z
      value: 0
      objectReference: {fileID: 0}
    - target: {fileID: 2153859551035935464, guid: 4c16ac0b43dee0240a1f8f3133da1e3a,
        type: 3}
      propertyPath: m_LocalRotation.x
      value: -0
      objectReference: {fileID: 0}
    - target: {fileID: 2153859551035935464, guid: 4c16ac0b43dee0240a1f8f3133da1e3a,
        type: 3}
      propertyPath: m_LocalRotation.y
      value: -0
      objectReference: {fileID: 0}
    - target: {fileID: 2153859551035935464, guid: 4c16ac0b43dee0240a1f8f3133da1e3a,
        type: 3}
      propertyPath: m_LocalRotation.z
      value: -0
      objectReference: {fileID: 0}
    - target: {fileID: 2153859551035935464, guid: 4c16ac0b43dee0240a1f8f3133da1e3a,
        type: 3}
      propertyPath: m_LocalRotation.w
      value: 1
      objectReference: {fileID: 0}
    - target: {fileID: 2153859551035935464, guid: 4c16ac0b43dee0240a1f8f3133da1e3a,
        type: 3}
      propertyPath: m_RootOrder
      value: 4
      objectReference: {fileID: 0}
    - target: {fileID: 2153859551035935464, guid: 4c16ac0b43dee0240a1f8f3133da1e3a,
        type: 3}
      propertyPath: m_LocalEulerAnglesHint.x
      value: 0
      objectReference: {fileID: 0}
    - target: {fileID: 2153859551035935464, guid: 4c16ac0b43dee0240a1f8f3133da1e3a,
        type: 3}
      propertyPath: m_LocalEulerAnglesHint.y
      value: 0
      objectReference: {fileID: 0}
    - target: {fileID: 2153859551035935464, guid: 4c16ac0b43dee0240a1f8f3133da1e3a,
        type: 3}
      propertyPath: m_LocalEulerAnglesHint.z
      value: 0
      objectReference: {fileID: 0}
    - target: {fileID: 2153859551035935476, guid: 4c16ac0b43dee0240a1f8f3133da1e3a,
        type: 3}
      propertyPath: m_Name
      value: Cube (10)
      objectReference: {fileID: 0}
    m_RemovedComponents: []
  m_SourcePrefab: {fileID: 100100000, guid: 4c16ac0b43dee0240a1f8f3133da1e3a, type: 3}
--- !u!4 &378616264251026344 stripped
Transform:
  m_CorrespondingSourceObject: {fileID: 2153859551035935464, guid: 4c16ac0b43dee0240a1f8f3133da1e3a,
    type: 3}
  m_PrefabInstance: {fileID: 1775850526450803008}
  m_PrefabAsset: {fileID: 0}
--- !u!1001 &1775850526684490004
PrefabInstance:
  m_ObjectHideFlags: 0
  serializedVersion: 2
  m_Modification:
    m_TransformParent: {fileID: 1775850526448641964}
    m_Modifications:
    - target: {fileID: 2153859551035935464, guid: 4c16ac0b43dee0240a1f8f3133da1e3a,
        type: 3}
      propertyPath: m_LocalPosition.x
      value: 0.15500003
      objectReference: {fileID: 0}
    - target: {fileID: 2153859551035935464, guid: 4c16ac0b43dee0240a1f8f3133da1e3a,
        type: 3}
      propertyPath: m_LocalPosition.y
      value: 3.558
      objectReference: {fileID: 0}
    - target: {fileID: 2153859551035935464, guid: 4c16ac0b43dee0240a1f8f3133da1e3a,
        type: 3}
      propertyPath: m_LocalPosition.z
      value: 1.1099997
      objectReference: {fileID: 0}
    - target: {fileID: 2153859551035935464, guid: 4c16ac0b43dee0240a1f8f3133da1e3a,
        type: 3}
      propertyPath: m_LocalRotation.x
      value: -0
      objectReference: {fileID: 0}
    - target: {fileID: 2153859551035935464, guid: 4c16ac0b43dee0240a1f8f3133da1e3a,
        type: 3}
      propertyPath: m_LocalRotation.y
      value: -0
      objectReference: {fileID: 0}
    - target: {fileID: 2153859551035935464, guid: 4c16ac0b43dee0240a1f8f3133da1e3a,
        type: 3}
      propertyPath: m_LocalRotation.z
      value: -0
      objectReference: {fileID: 0}
    - target: {fileID: 2153859551035935464, guid: 4c16ac0b43dee0240a1f8f3133da1e3a,
        type: 3}
      propertyPath: m_LocalRotation.w
      value: 1
      objectReference: {fileID: 0}
    - target: {fileID: 2153859551035935464, guid: 4c16ac0b43dee0240a1f8f3133da1e3a,
        type: 3}
      propertyPath: m_RootOrder
      value: 20
      objectReference: {fileID: 0}
    - target: {fileID: 2153859551035935464, guid: 4c16ac0b43dee0240a1f8f3133da1e3a,
        type: 3}
      propertyPath: m_LocalEulerAnglesHint.x
      value: 0
      objectReference: {fileID: 0}
    - target: {fileID: 2153859551035935464, guid: 4c16ac0b43dee0240a1f8f3133da1e3a,
        type: 3}
      propertyPath: m_LocalEulerAnglesHint.y
      value: 0
      objectReference: {fileID: 0}
    - target: {fileID: 2153859551035935464, guid: 4c16ac0b43dee0240a1f8f3133da1e3a,
        type: 3}
      propertyPath: m_LocalEulerAnglesHint.z
      value: 0
      objectReference: {fileID: 0}
    - target: {fileID: 2153859551035935476, guid: 4c16ac0b43dee0240a1f8f3133da1e3a,
        type: 3}
      propertyPath: m_Name
      value: Cube (22)
      objectReference: {fileID: 0}
    m_RemovedComponents: []
  m_SourcePrefab: {fileID: 100100000, guid: 4c16ac0b43dee0240a1f8f3133da1e3a, type: 3}
--- !u!4 &378616265086624764 stripped
Transform:
  m_CorrespondingSourceObject: {fileID: 2153859551035935464, guid: 4c16ac0b43dee0240a1f8f3133da1e3a,
    type: 3}
  m_PrefabInstance: {fileID: 1775850526684490004}
  m_PrefabAsset: {fileID: 0}
--- !u!1001 &1775850526796130903
PrefabInstance:
  m_ObjectHideFlags: 0
  serializedVersion: 2
  m_Modification:
    m_TransformParent: {fileID: 1775850526448641964}
    m_Modifications:
    - target: {fileID: 2153859551035935464, guid: 4c16ac0b43dee0240a1f8f3133da1e3a,
        type: 3}
      propertyPath: m_LocalPosition.x
      value: -1.22
      objectReference: {fileID: 0}
    - target: {fileID: 2153859551035935464, guid: 4c16ac0b43dee0240a1f8f3133da1e3a,
        type: 3}
      propertyPath: m_LocalPosition.y
      value: 1.5869999
      objectReference: {fileID: 0}
    - target: {fileID: 2153859551035935464, guid: 4c16ac0b43dee0240a1f8f3133da1e3a,
        type: 3}
      propertyPath: m_LocalPosition.z
      value: 0
      objectReference: {fileID: 0}
    - target: {fileID: 2153859551035935464, guid: 4c16ac0b43dee0240a1f8f3133da1e3a,
        type: 3}
      propertyPath: m_LocalRotation.x
      value: -0
      objectReference: {fileID: 0}
    - target: {fileID: 2153859551035935464, guid: 4c16ac0b43dee0240a1f8f3133da1e3a,
        type: 3}
      propertyPath: m_LocalRotation.y
      value: -0
      objectReference: {fileID: 0}
    - target: {fileID: 2153859551035935464, guid: 4c16ac0b43dee0240a1f8f3133da1e3a,
        type: 3}
      propertyPath: m_LocalRotation.z
      value: -0
      objectReference: {fileID: 0}
    - target: {fileID: 2153859551035935464, guid: 4c16ac0b43dee0240a1f8f3133da1e3a,
        type: 3}
      propertyPath: m_LocalRotation.w
      value: 1
      objectReference: {fileID: 0}
    - target: {fileID: 2153859551035935464, guid: 4c16ac0b43dee0240a1f8f3133da1e3a,
        type: 3}
      propertyPath: m_RootOrder
      value: 6
      objectReference: {fileID: 0}
    - target: {fileID: 2153859551035935464, guid: 4c16ac0b43dee0240a1f8f3133da1e3a,
        type: 3}
      propertyPath: m_LocalEulerAnglesHint.x
      value: 0
      objectReference: {fileID: 0}
    - target: {fileID: 2153859551035935464, guid: 4c16ac0b43dee0240a1f8f3133da1e3a,
        type: 3}
      propertyPath: m_LocalEulerAnglesHint.y
      value: 0
      objectReference: {fileID: 0}
    - target: {fileID: 2153859551035935464, guid: 4c16ac0b43dee0240a1f8f3133da1e3a,
        type: 3}
      propertyPath: m_LocalEulerAnglesHint.z
      value: 0
      objectReference: {fileID: 0}
    - target: {fileID: 2153859551035935476, guid: 4c16ac0b43dee0240a1f8f3133da1e3a,
        type: 3}
      propertyPath: m_Name
      value: Cube (12)
      objectReference: {fileID: 0}
    m_RemovedComponents: []
  m_SourcePrefab: {fileID: 100100000, guid: 4c16ac0b43dee0240a1f8f3133da1e3a, type: 3}
--- !u!4 &378616265113854143 stripped
Transform:
  m_CorrespondingSourceObject: {fileID: 2153859551035935464, guid: 4c16ac0b43dee0240a1f8f3133da1e3a,
    type: 3}
  m_PrefabInstance: {fileID: 1775850526796130903}
  m_PrefabAsset: {fileID: 0}
--- !u!1001 &1775850526939950029
PrefabInstance:
  m_ObjectHideFlags: 0
  serializedVersion: 2
  m_Modification:
    m_TransformParent: {fileID: 1775850526448641964}
    m_Modifications:
    - target: {fileID: 2153859551035935464, guid: 4c16ac0b43dee0240a1f8f3133da1e3a,
        type: 3}
      propertyPath: m_LocalPosition.x
      value: 0.728
      objectReference: {fileID: 0}
    - target: {fileID: 2153859551035935464, guid: 4c16ac0b43dee0240a1f8f3133da1e3a,
        type: 3}
      propertyPath: m_LocalPosition.y
      value: 2.581
      objectReference: {fileID: 0}
    - target: {fileID: 2153859551035935464, guid: 4c16ac0b43dee0240a1f8f3133da1e3a,
        type: 3}
      propertyPath: m_LocalPosition.z
      value: 0
      objectReference: {fileID: 0}
    - target: {fileID: 2153859551035935464, guid: 4c16ac0b43dee0240a1f8f3133da1e3a,
        type: 3}
      propertyPath: m_LocalRotation.x
      value: -0
      objectReference: {fileID: 0}
    - target: {fileID: 2153859551035935464, guid: 4c16ac0b43dee0240a1f8f3133da1e3a,
        type: 3}
      propertyPath: m_LocalRotation.y
      value: -0
      objectReference: {fileID: 0}
    - target: {fileID: 2153859551035935464, guid: 4c16ac0b43dee0240a1f8f3133da1e3a,
        type: 3}
      propertyPath: m_LocalRotation.z
      value: -0
      objectReference: {fileID: 0}
    - target: {fileID: 2153859551035935464, guid: 4c16ac0b43dee0240a1f8f3133da1e3a,
        type: 3}
      propertyPath: m_LocalRotation.w
      value: 1
      objectReference: {fileID: 0}
    - target: {fileID: 2153859551035935464, guid: 4c16ac0b43dee0240a1f8f3133da1e3a,
        type: 3}
      propertyPath: m_RootOrder
      value: 7
      objectReference: {fileID: 0}
    - target: {fileID: 2153859551035935464, guid: 4c16ac0b43dee0240a1f8f3133da1e3a,
        type: 3}
      propertyPath: m_LocalEulerAnglesHint.x
      value: 0
      objectReference: {fileID: 0}
    - target: {fileID: 2153859551035935464, guid: 4c16ac0b43dee0240a1f8f3133da1e3a,
        type: 3}
      propertyPath: m_LocalEulerAnglesHint.y
      value: 0
      objectReference: {fileID: 0}
    - target: {fileID: 2153859551035935464, guid: 4c16ac0b43dee0240a1f8f3133da1e3a,
        type: 3}
      propertyPath: m_LocalEulerAnglesHint.z
      value: 0
      objectReference: {fileID: 0}
    - target: {fileID: 2153859551035935476, guid: 4c16ac0b43dee0240a1f8f3133da1e3a,
        type: 3}
      propertyPath: m_Name
      value: Cube (13)
      objectReference: {fileID: 0}
    m_RemovedComponents: []
  m_SourcePrefab: {fileID: 100100000, guid: 4c16ac0b43dee0240a1f8f3133da1e3a, type: 3}
--- !u!4 &378616264838766885 stripped
Transform:
  m_CorrespondingSourceObject: {fileID: 2153859551035935464, guid: 4c16ac0b43dee0240a1f8f3133da1e3a,
    type: 3}
  m_PrefabInstance: {fileID: 1775850526939950029}
  m_PrefabAsset: {fileID: 0}
--- !u!1001 &1775850527081370264
PrefabInstance:
  m_ObjectHideFlags: 0
  serializedVersion: 2
  m_Modification:
    m_TransformParent: {fileID: 1775850526448641964}
    m_Modifications:
    - target: {fileID: 2153859551035935464, guid: 4c16ac0b43dee0240a1f8f3133da1e3a,
        type: 3}
      propertyPath: m_LocalPosition.x
      value: -1.708
      objectReference: {fileID: 0}
    - target: {fileID: 2153859551035935464, guid: 4c16ac0b43dee0240a1f8f3133da1e3a,
        type: 3}
      propertyPath: m_LocalPosition.y
      value: 0.59000015
      objectReference: {fileID: 0}
    - target: {fileID: 2153859551035935464, guid: 4c16ac0b43dee0240a1f8f3133da1e3a,
        type: 3}
      propertyPath: m_LocalPosition.z
      value: 1.1099997
      objectReference: {fileID: 0}
    - target: {fileID: 2153859551035935464, guid: 4c16ac0b43dee0240a1f8f3133da1e3a,
        type: 3}
      propertyPath: m_LocalRotation.x
      value: -0
      objectReference: {fileID: 0}
    - target: {fileID: 2153859551035935464, guid: 4c16ac0b43dee0240a1f8f3133da1e3a,
        type: 3}
      propertyPath: m_LocalRotation.y
      value: -0
      objectReference: {fileID: 0}
    - target: {fileID: 2153859551035935464, guid: 4c16ac0b43dee0240a1f8f3133da1e3a,
        type: 3}
      propertyPath: m_LocalRotation.z
      value: -0
      objectReference: {fileID: 0}
    - target: {fileID: 2153859551035935464, guid: 4c16ac0b43dee0240a1f8f3133da1e3a,
        type: 3}
      propertyPath: m_LocalRotation.w
      value: 1
      objectReference: {fileID: 0}
    - target: {fileID: 2153859551035935464, guid: 4c16ac0b43dee0240a1f8f3133da1e3a,
        type: 3}
      propertyPath: m_RootOrder
      value: 11
      objectReference: {fileID: 0}
    - target: {fileID: 2153859551035935464, guid: 4c16ac0b43dee0240a1f8f3133da1e3a,
        type: 3}
      propertyPath: m_LocalEulerAnglesHint.x
      value: 0
      objectReference: {fileID: 0}
    - target: {fileID: 2153859551035935464, guid: 4c16ac0b43dee0240a1f8f3133da1e3a,
        type: 3}
      propertyPath: m_LocalEulerAnglesHint.y
      value: 0
      objectReference: {fileID: 0}
    - target: {fileID: 2153859551035935464, guid: 4c16ac0b43dee0240a1f8f3133da1e3a,
        type: 3}
      propertyPath: m_LocalEulerAnglesHint.z
      value: 0
      objectReference: {fileID: 0}
    - target: {fileID: 2153859551035935476, guid: 4c16ac0b43dee0240a1f8f3133da1e3a,
        type: 3}
      propertyPath: m_Name
      value: Cube (3)
      objectReference: {fileID: 0}
    m_RemovedComponents: []
  m_SourcePrefab: {fileID: 100100000, guid: 4c16ac0b43dee0240a1f8f3133da1e3a, type: 3}
--- !u!4 &378616265770817648 stripped
Transform:
  m_CorrespondingSourceObject: {fileID: 2153859551035935464, guid: 4c16ac0b43dee0240a1f8f3133da1e3a,
    type: 3}
  m_PrefabInstance: {fileID: 1775850527081370264}
  m_PrefabAsset: {fileID: 0}
--- !u!1001 &1775850527208655587
PrefabInstance:
  m_ObjectHideFlags: 0
  serializedVersion: 2
  m_Modification:
    m_TransformParent: {fileID: 1775850526448641964}
    m_Modifications:
    - target: {fileID: 2153859551035935464, guid: 4c16ac0b43dee0240a1f8f3133da1e3a,
        type: 3}
      propertyPath: m_LocalPosition.x
      value: 0.051
      objectReference: {fileID: 0}
    - target: {fileID: 2153859551035935464, guid: 4c16ac0b43dee0240a1f8f3133da1e3a,
        type: 3}
      propertyPath: m_LocalPosition.y
      value: 1.587
      objectReference: {fileID: 0}
    - target: {fileID: 2153859551035935464, guid: 4c16ac0b43dee0240a1f8f3133da1e3a,
        type: 3}
      propertyPath: m_LocalPosition.z
      value: 0
      objectReference: {fileID: 0}
    - target: {fileID: 2153859551035935464, guid: 4c16ac0b43dee0240a1f8f3133da1e3a,
        type: 3}
      propertyPath: m_LocalRotation.x
      value: -0
      objectReference: {fileID: 0}
    - target: {fileID: 2153859551035935464, guid: 4c16ac0b43dee0240a1f8f3133da1e3a,
        type: 3}
      propertyPath: m_LocalRotation.y
      value: -0
      objectReference: {fileID: 0}
    - target: {fileID: 2153859551035935464, guid: 4c16ac0b43dee0240a1f8f3133da1e3a,
        type: 3}
      propertyPath: m_LocalRotation.z
      value: -0
      objectReference: {fileID: 0}
    - target: {fileID: 2153859551035935464, guid: 4c16ac0b43dee0240a1f8f3133da1e3a,
        type: 3}
      propertyPath: m_LocalRotation.w
      value: 1
      objectReference: {fileID: 0}
    - target: {fileID: 2153859551035935464, guid: 4c16ac0b43dee0240a1f8f3133da1e3a,
        type: 3}
      propertyPath: m_RootOrder
      value: 5
      objectReference: {fileID: 0}
    - target: {fileID: 2153859551035935464, guid: 4c16ac0b43dee0240a1f8f3133da1e3a,
        type: 3}
      propertyPath: m_LocalEulerAnglesHint.x
      value: 0
      objectReference: {fileID: 0}
    - target: {fileID: 2153859551035935464, guid: 4c16ac0b43dee0240a1f8f3133da1e3a,
        type: 3}
      propertyPath: m_LocalEulerAnglesHint.y
      value: 0
      objectReference: {fileID: 0}
    - target: {fileID: 2153859551035935464, guid: 4c16ac0b43dee0240a1f8f3133da1e3a,
        type: 3}
      propertyPath: m_LocalEulerAnglesHint.z
      value: 0
      objectReference: {fileID: 0}
    - target: {fileID: 2153859551035935476, guid: 4c16ac0b43dee0240a1f8f3133da1e3a,
        type: 3}
      propertyPath: m_Name
      value: Cube (11)
      objectReference: {fileID: 0}
    m_RemovedComponents: []
  m_SourcePrefab: {fileID: 100100000, guid: 4c16ac0b43dee0240a1f8f3133da1e3a, type: 3}
--- !u!4 &378616265643786251 stripped
Transform:
  m_CorrespondingSourceObject: {fileID: 2153859551035935464, guid: 4c16ac0b43dee0240a1f8f3133da1e3a,
    type: 3}
  m_PrefabInstance: {fileID: 1775850527208655587}
  m_PrefabAsset: {fileID: 0}
--- !u!1001 &1775850527217846416
PrefabInstance:
  m_ObjectHideFlags: 0
  serializedVersion: 2
  m_Modification:
    m_TransformParent: {fileID: 1775850526448641964}
    m_Modifications:
    - target: {fileID: 2153859551035935464, guid: 4c16ac0b43dee0240a1f8f3133da1e3a,
        type: 3}
      propertyPath: m_LocalPosition.x
      value: 0.18300003
      objectReference: {fileID: 0}
    - target: {fileID: 2153859551035935464, guid: 4c16ac0b43dee0240a1f8f3133da1e3a,
        type: 3}
      propertyPath: m_LocalPosition.y
      value: 1.587
      objectReference: {fileID: 0}
    - target: {fileID: 2153859551035935464, guid: 4c16ac0b43dee0240a1f8f3133da1e3a,
        type: 3}
      propertyPath: m_LocalPosition.z
      value: 1.1099997
      objectReference: {fileID: 0}
    - target: {fileID: 2153859551035935464, guid: 4c16ac0b43dee0240a1f8f3133da1e3a,
        type: 3}
      propertyPath: m_LocalRotation.x
      value: -0
      objectReference: {fileID: 0}
    - target: {fileID: 2153859551035935464, guid: 4c16ac0b43dee0240a1f8f3133da1e3a,
        type: 3}
      propertyPath: m_LocalRotation.y
      value: -0
      objectReference: {fileID: 0}
    - target: {fileID: 2153859551035935464, guid: 4c16ac0b43dee0240a1f8f3133da1e3a,
        type: 3}
      propertyPath: m_LocalRotation.z
      value: -0
      objectReference: {fileID: 0}
    - target: {fileID: 2153859551035935464, guid: 4c16ac0b43dee0240a1f8f3133da1e3a,
        type: 3}
      propertyPath: m_LocalRotation.w
      value: 1
      objectReference: {fileID: 0}
    - target: {fileID: 2153859551035935464, guid: 4c16ac0b43dee0240a1f8f3133da1e3a,
        type: 3}
      propertyPath: m_RootOrder
      value: 15
      objectReference: {fileID: 0}
    - target: {fileID: 2153859551035935464, guid: 4c16ac0b43dee0240a1f8f3133da1e3a,
        type: 3}
      propertyPath: m_LocalEulerAnglesHint.x
      value: 0
      objectReference: {fileID: 0}
    - target: {fileID: 2153859551035935464, guid: 4c16ac0b43dee0240a1f8f3133da1e3a,
        type: 3}
      propertyPath: m_LocalEulerAnglesHint.y
      value: 0
      objectReference: {fileID: 0}
    - target: {fileID: 2153859551035935464, guid: 4c16ac0b43dee0240a1f8f3133da1e3a,
        type: 3}
      propertyPath: m_LocalEulerAnglesHint.z
      value: 0
      objectReference: {fileID: 0}
    - target: {fileID: 2153859551035935476, guid: 4c16ac0b43dee0240a1f8f3133da1e3a,
        type: 3}
      propertyPath: m_Name
      value: Cube (17)
      objectReference: {fileID: 0}
    m_RemovedComponents: []
  m_SourcePrefab: {fileID: 100100000, guid: 4c16ac0b43dee0240a1f8f3133da1e3a, type: 3}
--- !u!4 &378616265622078072 stripped
Transform:
  m_CorrespondingSourceObject: {fileID: 2153859551035935464, guid: 4c16ac0b43dee0240a1f8f3133da1e3a,
    type: 3}
  m_PrefabInstance: {fileID: 1775850527217846416}
  m_PrefabAsset: {fileID: 0}
--- !u!1001 &1775850527394579300
PrefabInstance:
  m_ObjectHideFlags: 0
  serializedVersion: 2
  m_Modification:
    m_TransformParent: {fileID: 1775850526448641964}
    m_Modifications:
    - target: {fileID: 2153859551035935464, guid: 4c16ac0b43dee0240a1f8f3133da1e3a,
        type: 3}
      propertyPath: m_LocalPosition.x
      value: 0.822
      objectReference: {fileID: 0}
    - target: {fileID: 2153859551035935464, guid: 4c16ac0b43dee0240a1f8f3133da1e3a,
        type: 3}
      propertyPath: m_LocalPosition.y
      value: 0.59000015
      objectReference: {fileID: 0}
    - target: {fileID: 2153859551035935464, guid: 4c16ac0b43dee0240a1f8f3133da1e3a,
        type: 3}
      propertyPath: m_LocalPosition.z
      value: 1.1099997
      objectReference: {fileID: 0}
    - target: {fileID: 2153859551035935464, guid: 4c16ac0b43dee0240a1f8f3133da1e3a,
        type: 3}
      propertyPath: m_LocalRotation.x
      value: -0
      objectReference: {fileID: 0}
    - target: {fileID: 2153859551035935464, guid: 4c16ac0b43dee0240a1f8f3133da1e3a,
        type: 3}
      propertyPath: m_LocalRotation.y
      value: -0
      objectReference: {fileID: 0}
    - target: {fileID: 2153859551035935464, guid: 4c16ac0b43dee0240a1f8f3133da1e3a,
        type: 3}
      propertyPath: m_LocalRotation.z
      value: -0
      objectReference: {fileID: 0}
    - target: {fileID: 2153859551035935464, guid: 4c16ac0b43dee0240a1f8f3133da1e3a,
        type: 3}
      propertyPath: m_LocalRotation.w
      value: 1
      objectReference: {fileID: 0}
    - target: {fileID: 2153859551035935464, guid: 4c16ac0b43dee0240a1f8f3133da1e3a,
        type: 3}
      propertyPath: m_RootOrder
      value: 13
      objectReference: {fileID: 0}
    - target: {fileID: 2153859551035935464, guid: 4c16ac0b43dee0240a1f8f3133da1e3a,
        type: 3}
      propertyPath: m_LocalEulerAnglesHint.x
      value: 0
      objectReference: {fileID: 0}
    - target: {fileID: 2153859551035935464, guid: 4c16ac0b43dee0240a1f8f3133da1e3a,
        type: 3}
      propertyPath: m_LocalEulerAnglesHint.y
      value: 0
      objectReference: {fileID: 0}
    - target: {fileID: 2153859551035935464, guid: 4c16ac0b43dee0240a1f8f3133da1e3a,
        type: 3}
      propertyPath: m_LocalEulerAnglesHint.z
      value: 0
      objectReference: {fileID: 0}
    - target: {fileID: 2153859551035935476, guid: 4c16ac0b43dee0240a1f8f3133da1e3a,
        type: 3}
      propertyPath: m_Name
      value: Cube (5)
      objectReference: {fileID: 0}
    m_RemovedComponents: []
  m_SourcePrefab: {fileID: 100100000, guid: 4c16ac0b43dee0240a1f8f3133da1e3a, type: 3}
--- !u!4 &378616265446459788 stripped
Transform:
  m_CorrespondingSourceObject: {fileID: 2153859551035935464, guid: 4c16ac0b43dee0240a1f8f3133da1e3a,
    type: 3}
  m_PrefabInstance: {fileID: 1775850527394579300}
  m_PrefabAsset: {fileID: 0}
--- !u!1001 &1775850527450991253
PrefabInstance:
  m_ObjectHideFlags: 0
  serializedVersion: 2
  m_Modification:
    m_TransformParent: {fileID: 1775850526448641964}
    m_Modifications:
    - target: {fileID: 2153859551035935464, guid: 4c16ac0b43dee0240a1f8f3133da1e3a,
        type: 3}
      propertyPath: m_LocalPosition.x
      value: -0.59
      objectReference: {fileID: 0}
    - target: {fileID: 2153859551035935464, guid: 4c16ac0b43dee0240a1f8f3133da1e3a,
        type: 3}
      propertyPath: m_LocalPosition.y
      value: 0.59000015
      objectReference: {fileID: 0}
    - target: {fileID: 2153859551035935464, guid: 4c16ac0b43dee0240a1f8f3133da1e3a,
        type: 3}
      propertyPath: m_LocalPosition.z
      value: 0
      objectReference: {fileID: 0}
    - target: {fileID: 2153859551035935464, guid: 4c16ac0b43dee0240a1f8f3133da1e3a,
        type: 3}
      propertyPath: m_LocalRotation.x
      value: -0
      objectReference: {fileID: 0}
    - target: {fileID: 2153859551035935464, guid: 4c16ac0b43dee0240a1f8f3133da1e3a,
        type: 3}
      propertyPath: m_LocalRotation.y
      value: -0
      objectReference: {fileID: 0}
    - target: {fileID: 2153859551035935464, guid: 4c16ac0b43dee0240a1f8f3133da1e3a,
        type: 3}
      propertyPath: m_LocalRotation.z
      value: -0
      objectReference: {fileID: 0}
    - target: {fileID: 2153859551035935464, guid: 4c16ac0b43dee0240a1f8f3133da1e3a,
        type: 3}
      propertyPath: m_LocalRotation.w
      value: 1
      objectReference: {fileID: 0}
    - target: {fileID: 2153859551035935464, guid: 4c16ac0b43dee0240a1f8f3133da1e3a,
        type: 3}
      propertyPath: m_RootOrder
      value: 2
      objectReference: {fileID: 0}
    - target: {fileID: 2153859551035935464, guid: 4c16ac0b43dee0240a1f8f3133da1e3a,
        type: 3}
      propertyPath: m_LocalEulerAnglesHint.x
      value: 0
      objectReference: {fileID: 0}
    - target: {fileID: 2153859551035935464, guid: 4c16ac0b43dee0240a1f8f3133da1e3a,
        type: 3}
      propertyPath: m_LocalEulerAnglesHint.y
      value: 0
      objectReference: {fileID: 0}
    - target: {fileID: 2153859551035935464, guid: 4c16ac0b43dee0240a1f8f3133da1e3a,
        type: 3}
      propertyPath: m_LocalEulerAnglesHint.z
      value: 0
      objectReference: {fileID: 0}
    - target: {fileID: 2153859551035935476, guid: 4c16ac0b43dee0240a1f8f3133da1e3a,
        type: 3}
      propertyPath: m_Name
      value: Cube (1)
      objectReference: {fileID: 0}
    m_RemovedComponents: []
  m_SourcePrefab: {fileID: 100100000, guid: 4c16ac0b43dee0240a1f8f3133da1e3a, type: 3}
--- !u!4 &378616265536454781 stripped
Transform:
  m_CorrespondingSourceObject: {fileID: 2153859551035935464, guid: 4c16ac0b43dee0240a1f8f3133da1e3a,
    type: 3}
  m_PrefabInstance: {fileID: 1775850527450991253}
  m_PrefabAsset: {fileID: 0}
--- !u!1001 &1775850527543470113
PrefabInstance:
  m_ObjectHideFlags: 0
  serializedVersion: 2
  m_Modification:
    m_TransformParent: {fileID: 1775850526448641964}
    m_Modifications:
    - target: {fileID: 2153859551035935464, guid: 4c16ac0b43dee0240a1f8f3133da1e3a,
        type: 3}
      propertyPath: m_LocalPosition.x
      value: 0.69
      objectReference: {fileID: 0}
    - target: {fileID: 2153859551035935464, guid: 4c16ac0b43dee0240a1f8f3133da1e3a,
        type: 3}
      propertyPath: m_LocalPosition.y
      value: 0.59000015
      objectReference: {fileID: 0}
    - target: {fileID: 2153859551035935464, guid: 4c16ac0b43dee0240a1f8f3133da1e3a,
        type: 3}
      propertyPath: m_LocalPosition.z
      value: 0
      objectReference: {fileID: 0}
    - target: {fileID: 2153859551035935464, guid: 4c16ac0b43dee0240a1f8f3133da1e3a,
        type: 3}
      propertyPath: m_LocalRotation.x
      value: -0
      objectReference: {fileID: 0}
    - target: {fileID: 2153859551035935464, guid: 4c16ac0b43dee0240a1f8f3133da1e3a,
        type: 3}
      propertyPath: m_LocalRotation.y
      value: -0
      objectReference: {fileID: 0}
    - target: {fileID: 2153859551035935464, guid: 4c16ac0b43dee0240a1f8f3133da1e3a,
        type: 3}
      propertyPath: m_LocalRotation.z
      value: -0
      objectReference: {fileID: 0}
    - target: {fileID: 2153859551035935464, guid: 4c16ac0b43dee0240a1f8f3133da1e3a,
        type: 3}
      propertyPath: m_LocalRotation.w
      value: 1
      objectReference: {fileID: 0}
    - target: {fileID: 2153859551035935464, guid: 4c16ac0b43dee0240a1f8f3133da1e3a,
        type: 3}
      propertyPath: m_RootOrder
      value: 3
      objectReference: {fileID: 0}
    - target: {fileID: 2153859551035935464, guid: 4c16ac0b43dee0240a1f8f3133da1e3a,
        type: 3}
      propertyPath: m_LocalEulerAnglesHint.x
      value: 0
      objectReference: {fileID: 0}
    - target: {fileID: 2153859551035935464, guid: 4c16ac0b43dee0240a1f8f3133da1e3a,
        type: 3}
      propertyPath: m_LocalEulerAnglesHint.y
      value: 0
      objectReference: {fileID: 0}
    - target: {fileID: 2153859551035935464, guid: 4c16ac0b43dee0240a1f8f3133da1e3a,
        type: 3}
      propertyPath: m_LocalEulerAnglesHint.z
      value: 0
      objectReference: {fileID: 0}
    - target: {fileID: 2153859551035935476, guid: 4c16ac0b43dee0240a1f8f3133da1e3a,
        type: 3}
      propertyPath: m_Name
      value: Cube (2)
      objectReference: {fileID: 0}
    m_RemovedComponents: []
  m_SourcePrefab: {fileID: 100100000, guid: 4c16ac0b43dee0240a1f8f3133da1e3a, type: 3}
--- !u!4 &378616265444385481 stripped
Transform:
  m_CorrespondingSourceObject: {fileID: 2153859551035935464, guid: 4c16ac0b43dee0240a1f8f3133da1e3a,
    type: 3}
  m_PrefabInstance: {fileID: 1775850527543470113}
  m_PrefabAsset: {fileID: 0}
--- !u!1001 &1775850527611240592
PrefabInstance:
  m_ObjectHideFlags: 0
  serializedVersion: 2
  m_Modification:
    m_TransformParent: {fileID: 1775850526448641964}
    m_Modifications:
    - target: {fileID: 2153859551035935464, guid: 4c16ac0b43dee0240a1f8f3133da1e3a,
        type: 3}
      propertyPath: m_LocalPosition.x
      value: -0.48099995
      objectReference: {fileID: 0}
    - target: {fileID: 2153859551035935464, guid: 4c16ac0b43dee0240a1f8f3133da1e3a,
        type: 3}
      propertyPath: m_LocalPosition.y
      value: 2.581
      objectReference: {fileID: 0}
    - target: {fileID: 2153859551035935464, guid: 4c16ac0b43dee0240a1f8f3133da1e3a,
        type: 3}
      propertyPath: m_LocalPosition.z
      value: 1.1099997
      objectReference: {fileID: 0}
    - target: {fileID: 2153859551035935464, guid: 4c16ac0b43dee0240a1f8f3133da1e3a,
        type: 3}
      propertyPath: m_LocalRotation.x
      value: -0
      objectReference: {fileID: 0}
    - target: {fileID: 2153859551035935464, guid: 4c16ac0b43dee0240a1f8f3133da1e3a,
        type: 3}
      propertyPath: m_LocalRotation.y
      value: -0
      objectReference: {fileID: 0}
    - target: {fileID: 2153859551035935464, guid: 4c16ac0b43dee0240a1f8f3133da1e3a,
        type: 3}
      propertyPath: m_LocalRotation.z
      value: -0
      objectReference: {fileID: 0}
    - target: {fileID: 2153859551035935464, guid: 4c16ac0b43dee0240a1f8f3133da1e3a,
        type: 3}
      propertyPath: m_LocalRotation.w
      value: 1
      objectReference: {fileID: 0}
    - target: {fileID: 2153859551035935464, guid: 4c16ac0b43dee0240a1f8f3133da1e3a,
        type: 3}
      propertyPath: m_RootOrder
      value: 18
      objectReference: {fileID: 0}
    - target: {fileID: 2153859551035935464, guid: 4c16ac0b43dee0240a1f8f3133da1e3a,
        type: 3}
      propertyPath: m_LocalEulerAnglesHint.x
      value: 0
      objectReference: {fileID: 0}
    - target: {fileID: 2153859551035935464, guid: 4c16ac0b43dee0240a1f8f3133da1e3a,
        type: 3}
      propertyPath: m_LocalEulerAnglesHint.y
      value: 0
      objectReference: {fileID: 0}
    - target: {fileID: 2153859551035935464, guid: 4c16ac0b43dee0240a1f8f3133da1e3a,
        type: 3}
      propertyPath: m_LocalEulerAnglesHint.z
      value: 0
      objectReference: {fileID: 0}
    - target: {fileID: 2153859551035935476, guid: 4c16ac0b43dee0240a1f8f3133da1e3a,
        type: 3}
      propertyPath: m_Name
      value: Cube (20)
      objectReference: {fileID: 0}
    m_RemovedComponents: []
  m_SourcePrefab: {fileID: 100100000, guid: 4c16ac0b43dee0240a1f8f3133da1e3a, type: 3}
--- !u!4 &378616266314812024 stripped
Transform:
  m_CorrespondingSourceObject: {fileID: 2153859551035935464, guid: 4c16ac0b43dee0240a1f8f3133da1e3a,
    type: 3}
  m_PrefabInstance: {fileID: 1775850527611240592}
  m_PrefabAsset: {fileID: 0}
--- !u!1001 &1775850527670325525
PrefabInstance:
  m_ObjectHideFlags: 0
  serializedVersion: 2
  m_Modification:
    m_TransformParent: {fileID: 1775850526448641964}
    m_Modifications:
    - target: {fileID: 2153859551035935464, guid: 4c16ac0b43dee0240a1f8f3133da1e3a,
        type: 3}
      propertyPath: m_LocalPosition.x
      value: 0.86
      objectReference: {fileID: 0}
    - target: {fileID: 2153859551035935464, guid: 4c16ac0b43dee0240a1f8f3133da1e3a,
        type: 3}
      propertyPath: m_LocalPosition.y
      value: 2.581
      objectReference: {fileID: 0}
    - target: {fileID: 2153859551035935464, guid: 4c16ac0b43dee0240a1f8f3133da1e3a,
        type: 3}
      propertyPath: m_LocalPosition.z
      value: 1.11
      objectReference: {fileID: 0}
    - target: {fileID: 2153859551035935464, guid: 4c16ac0b43dee0240a1f8f3133da1e3a,
        type: 3}
      propertyPath: m_LocalRotation.x
      value: -0
      objectReference: {fileID: 0}
    - target: {fileID: 2153859551035935464, guid: 4c16ac0b43dee0240a1f8f3133da1e3a,
        type: 3}
      propertyPath: m_LocalRotation.y
      value: -0
      objectReference: {fileID: 0}
    - target: {fileID: 2153859551035935464, guid: 4c16ac0b43dee0240a1f8f3133da1e3a,
        type: 3}
      propertyPath: m_LocalRotation.z
      value: -0
      objectReference: {fileID: 0}
    - target: {fileID: 2153859551035935464, guid: 4c16ac0b43dee0240a1f8f3133da1e3a,
        type: 3}
      propertyPath: m_LocalRotation.w
      value: 1
      objectReference: {fileID: 0}
    - target: {fileID: 2153859551035935464, guid: 4c16ac0b43dee0240a1f8f3133da1e3a,
        type: 3}
      propertyPath: m_RootOrder
      value: 17
      objectReference: {fileID: 0}
    - target: {fileID: 2153859551035935464, guid: 4c16ac0b43dee0240a1f8f3133da1e3a,
        type: 3}
      propertyPath: m_LocalEulerAnglesHint.x
      value: 0
      objectReference: {fileID: 0}
    - target: {fileID: 2153859551035935464, guid: 4c16ac0b43dee0240a1f8f3133da1e3a,
        type: 3}
      propertyPath: m_LocalEulerAnglesHint.y
      value: 0
      objectReference: {fileID: 0}
    - target: {fileID: 2153859551035935464, guid: 4c16ac0b43dee0240a1f8f3133da1e3a,
        type: 3}
      propertyPath: m_LocalEulerAnglesHint.z
      value: 0
      objectReference: {fileID: 0}
    - target: {fileID: 2153859551035935476, guid: 4c16ac0b43dee0240a1f8f3133da1e3a,
        type: 3}
      propertyPath: m_Name
      value: Cube (19)
      objectReference: {fileID: 0}
    m_RemovedComponents: []
  m_SourcePrefab: {fileID: 100100000, guid: 4c16ac0b43dee0240a1f8f3133da1e3a, type: 3}
--- !u!4 &378616266256980989 stripped
Transform:
  m_CorrespondingSourceObject: {fileID: 2153859551035935464, guid: 4c16ac0b43dee0240a1f8f3133da1e3a,
    type: 3}
  m_PrefabInstance: {fileID: 1775850527670325525}
  m_PrefabAsset: {fileID: 0}
--- !u!1001 &1775850528036116125
PrefabInstance:
  m_ObjectHideFlags: 0
  serializedVersion: 2
  m_Modification:
    m_TransformParent: {fileID: 1775850526448641964}
    m_Modifications:
    - target: {fileID: 2153859551035935464, guid: 4c16ac0b43dee0240a1f8f3133da1e3a,
        type: 3}
      propertyPath: m_LocalPosition.x
      value: 2.082
      objectReference: {fileID: 0}
    - target: {fileID: 2153859551035935464, guid: 4c16ac0b43dee0240a1f8f3133da1e3a,
        type: 3}
      propertyPath: m_LocalPosition.y
      value: 0.59000015
      objectReference: {fileID: 0}
    - target: {fileID: 2153859551035935464, guid: 4c16ac0b43dee0240a1f8f3133da1e3a,
        type: 3}
      propertyPath: m_LocalPosition.z
      value: 1.1099997
      objectReference: {fileID: 0}
    - target: {fileID: 2153859551035935464, guid: 4c16ac0b43dee0240a1f8f3133da1e3a,
        type: 3}
      propertyPath: m_LocalRotation.x
      value: -0
      objectReference: {fileID: 0}
    - target: {fileID: 2153859551035935464, guid: 4c16ac0b43dee0240a1f8f3133da1e3a,
        type: 3}
      propertyPath: m_LocalRotation.y
      value: -0
      objectReference: {fileID: 0}
    - target: {fileID: 2153859551035935464, guid: 4c16ac0b43dee0240a1f8f3133da1e3a,
        type: 3}
      propertyPath: m_LocalRotation.z
      value: -0
      objectReference: {fileID: 0}
    - target: {fileID: 2153859551035935464, guid: 4c16ac0b43dee0240a1f8f3133da1e3a,
        type: 3}
      propertyPath: m_LocalRotation.w
      value: 1
      objectReference: {fileID: 0}
    - target: {fileID: 2153859551035935464, guid: 4c16ac0b43dee0240a1f8f3133da1e3a,
        type: 3}
      propertyPath: m_RootOrder
      value: 19
      objectReference: {fileID: 0}
    - target: {fileID: 2153859551035935464, guid: 4c16ac0b43dee0240a1f8f3133da1e3a,
        type: 3}
      propertyPath: m_LocalEulerAnglesHint.x
      value: 0
      objectReference: {fileID: 0}
    - target: {fileID: 2153859551035935464, guid: 4c16ac0b43dee0240a1f8f3133da1e3a,
        type: 3}
      propertyPath: m_LocalEulerAnglesHint.y
      value: 0
      objectReference: {fileID: 0}
    - target: {fileID: 2153859551035935464, guid: 4c16ac0b43dee0240a1f8f3133da1e3a,
        type: 3}
      propertyPath: m_LocalEulerAnglesHint.z
      value: 0
      objectReference: {fileID: 0}
    - target: {fileID: 2153859551035935476, guid: 4c16ac0b43dee0240a1f8f3133da1e3a,
        type: 3}
      propertyPath: m_Name
      value: Cube (21)
      objectReference: {fileID: 0}
    m_RemovedComponents: []
  m_SourcePrefab: {fileID: 100100000, guid: 4c16ac0b43dee0240a1f8f3133da1e3a, type: 3}
--- !u!4 &378616265886669941 stripped
Transform:
  m_CorrespondingSourceObject: {fileID: 2153859551035935464, guid: 4c16ac0b43dee0240a1f8f3133da1e3a,
    type: 3}
  m_PrefabInstance: {fileID: 1775850528036116125}
  m_PrefabAsset: {fileID: 0}
--- !u!1001 &8932030579682075417
PrefabInstance:
  m_ObjectHideFlags: 0
  serializedVersion: 2
  m_Modification:
    m_TransformParent: {fileID: 1775850526448641964}
    m_Modifications:
    - target: {fileID: 2153859551035935464, guid: 4c16ac0b43dee0240a1f8f3133da1e3a,
        type: 3}
      propertyPath: m_LocalPosition.x
      value: 1.95
      objectReference: {fileID: 0}
    - target: {fileID: 2153859551035935464, guid: 4c16ac0b43dee0240a1f8f3133da1e3a,
        type: 3}
      propertyPath: m_LocalPosition.y
      value: 0.59000015
      objectReference: {fileID: 0}
    - target: {fileID: 2153859551035935464, guid: 4c16ac0b43dee0240a1f8f3133da1e3a,
        type: 3}
      propertyPath: m_LocalPosition.z
      value: 0
      objectReference: {fileID: 0}
    - target: {fileID: 2153859551035935464, guid: 4c16ac0b43dee0240a1f8f3133da1e3a,
        type: 3}
      propertyPath: m_LocalRotation.x
      value: -0
      objectReference: {fileID: 0}
    - target: {fileID: 2153859551035935464, guid: 4c16ac0b43dee0240a1f8f3133da1e3a,
        type: 3}
      propertyPath: m_LocalRotation.y
      value: -0
      objectReference: {fileID: 0}
    - target: {fileID: 2153859551035935464, guid: 4c16ac0b43dee0240a1f8f3133da1e3a,
        type: 3}
      propertyPath: m_LocalRotation.z
      value: -0
      objectReference: {fileID: 0}
    - target: {fileID: 2153859551035935464, guid: 4c16ac0b43dee0240a1f8f3133da1e3a,
        type: 3}
      propertyPath: m_LocalRotation.w
      value: 1
      objectReference: {fileID: 0}
    - target: {fileID: 2153859551035935464, guid: 4c16ac0b43dee0240a1f8f3133da1e3a,
        type: 3}
      propertyPath: m_RootOrder
      value: 9
      objectReference: {fileID: 0}
    - target: {fileID: 2153859551035935464, guid: 4c16ac0b43dee0240a1f8f3133da1e3a,
        type: 3}
      propertyPath: m_LocalEulerAnglesHint.x
      value: 0
      objectReference: {fileID: 0}
    - target: {fileID: 2153859551035935464, guid: 4c16ac0b43dee0240a1f8f3133da1e3a,
        type: 3}
      propertyPath: m_LocalEulerAnglesHint.y
      value: 0
      objectReference: {fileID: 0}
    - target: {fileID: 2153859551035935464, guid: 4c16ac0b43dee0240a1f8f3133da1e3a,
        type: 3}
      propertyPath: m_LocalEulerAnglesHint.z
      value: 0
      objectReference: {fileID: 0}
    - target: {fileID: 2153859551035935476, guid: 4c16ac0b43dee0240a1f8f3133da1e3a,
        type: 3}
      propertyPath: m_Name
      value: Cube (9)
      objectReference: {fileID: 0}
    m_RemovedComponents: []
  m_SourcePrefab: {fileID: 100100000, guid: 4c16ac0b43dee0240a1f8f3133da1e3a, type: 3}
--- !u!4 &7354652676874054129 stripped
Transform:
  m_CorrespondingSourceObject: {fileID: 2153859551035935464, guid: 4c16ac0b43dee0240a1f8f3133da1e3a,
    type: 3}
  m_PrefabInstance: {fileID: 8932030579682075417}
  m_PrefabAsset: {fileID: 0}
